@article{sievert2008genome,
  title={Genome of the epsilonproteobacterial chemolithoautotroph Sulfurimonas denitrificans},
  author={Sievert, Stefan M and Scott, Kathleen M and Klotz, Martin G and Chain, Patrick SG and Hauser, Loren J and Hemp, James and H{\"u}gler, Michael and Land, Miriam and Lapidus, Alla and Larimer, Frank W and others},
  journal={Applied and environmental microbiology},
  volume={74},
  number={4},
  pages={1145--1156},
  year={2008},
  publisher={Am Soc Microbiol}
}@article{venkateswaran1999polyphasic,
  title={Polyphasic taxonomy of the genus Shewanella and description of Shewanella oneidensis sp. nov.},
  author={Venkateswaran, Kasthuri and Moser, Duane P and Dollhopf, Michael E and Lies, Douglas P and Saffarini, Daad A and MacGregor, Barbara J and Ringelberg, David B and White, David C and Nishijima, Miyuki and Sano, Hiroshi and others},
  journal={International Journal of Systematic and Evolutionary Microbiology},
  volume={49},
  number={2},
  pages={705--724},
  year={1999},
  publisher={Microbiology Society}
}
